%%  Auto-regenerating anonymous bibliography at Thu Jun 26 10:25:49 AM EDT 2025
